<?xml version="1.0" encoding="UTF-8"?><collection xmlns="http://www.loc.gov/MARC21/slim"><record><leader>00319nam--2200121-i-4500</leader><controlfield tag="001">000047226</controlfield><controlfield tag="002">20161230</controlfield><controlfield tag="005">20161230201046</controlfield><controlfield tag="008">060222s1000------------r-----000-0-eng-d</controlfield><datafield ind1=" " ind2=" " tag="100"><subfield code="a">Wellauer Max</subfield></datafield><datafield ind1=" " ind2=" " tag="245"><subfield code="a">Einfuhrung in die hochspannungstechnik</subfield></datafield><datafield ind1=" " ind2=" " tag="260"><subfield code="a">Basel?stuttgart, Verlag Birkhauyser, 1954, 331p</subfield></datafield><datafield ind1=" " ind2=" " tag="852"><subfield code="a">10753</subfield></datafield></record></collection>